
@article{carlo,
author = {Juan Carlos Francisco and Frederick M. Cohan and Danny Krizanc},
title = {Demarcation of bacterial ecotypes from DNA sequence data: A comparative analysis of four algorithms},
journal ={Computational Advances in Bio and Medical Sciences, IEEE International Conference on},
volume = {0},
isbn = {978-1-4673-1320-9},
year = {2012},
pages = {1-6},
doi = {http://doi.ieeecomputersociety.org/10.1109/ICCABS.2012.6182633},
publisher = {IEEE Computer Society},
address = {Los Alamitos, CA, USA},
}

@article{tokeshi1990niche,
  title={Niche apportionment or random assortment: species abundance patterns revisited},
  author={Tokeshi, Mutsunori},
  journal={The Journal of animal ecology},
  pages={1129--1146},
  year={1990},
  publisher={JSTOR}
}

@unpublished{fredImage,
author = {Frederick M. Cohan},
note = {adapted from electronic mail},
year = {2013}
}

@article{ballal2011host,
  title={Host and gut microbiota symbiotic factors: lessons from inflammatory bowel disease and successful symbionts},
  author={Ballal, Sonia A and Gallini, Carey Ann and Segata, Nicola and Huttenhower, Curtis and Garrett, Wendy S},
  journal={Cellular microbiology},
  volume={13},
  number={4},
  pages={508--517},
  year={2011},
  publisher={Wiley Online Library}
}

@book{darwin1861origin,
  title={On the Origin of Species by Means of Natural Selections: Or the Preservation of Favoured Races in the Struggle for Life},
  author={Darwin, Charles and Darwin, Charles and Biologiste, Naturaliste and Darwin, Charles and Biologist, Naturalist},
  year={1861},
  publisher={Murray}
}

%author  = {Eric D. Becraft, Frederick M. Cohan, Jason M. Wood, Doug B. Rusch, Michael KŸhl, Sheila I. Jensen and David M. Ward},
@unpublished{pyroEric,
author  = {Eric D. Becraft, Frederick M. Cohan, Jason M. Wood},
title = {Pyrosequencing analyses of Synechococcus ecological species inhabiting the microbial mat of Mushroom Spring, Yellowstone National Park},
note = {pre-published version},
year = {2013},
}

@unpublished{lingThesis,
author = {Lingyuan Ke},
title = {Parallelization of Ecotype Simulation},
note = {Wesleyan University, Honor thesis},
month = {April},
year = {2013},
}

@article{ho2008molecular,
  title={The molecular clock and estimating species divergence},
  author={Ho, S},
  journal={Nature Education},
  volume={1},
  number={1},
  pages={1--2},
  year={2008}
}

@article{doolittle1999phylogenetic,
  title={Phylogenetic classification and the universal tree},
  author={Doolittle, W Ford},
  journal={Science},
  volume={284},
  number={5423},
  pages={2124--2128},
  year={1999},
  publisher={American Association for the Advancement of Science}
}

@article{may1988many,
  title={How many species are there on earth?.},
  author={May, Robert M and others},
  journal={Science(Washington)},
  volume={241},
  number={4872},
  pages={1441--1449},
  year={1988}
}

@article{dykhuizen1998santa,
  title={Santa Rosalia revisited: why are there so many species of bacteria?},
  author={Dykhuizen, Daniel E},
  journal={Antonie van Leeuwenhoek},
  volume={73},
  number={1},
  pages={25--33},
  year={1998},
  publisher={Springer}
}

@article{gans2005computational,
  title={Computational improvements reveal great bacterial diversity and high metal toxicity in soil},
  author={Gans, Jason and Wolinsky, Murray and Dunbar, John},
  journal={Science},
  volume={309},
  number={5739},
  pages={1387--1390},
  year={2005},
  publisher={American Association for the Advancement of Science}
}

@article{doolittle2007pattern,
  title={Pattern pluralism and the Tree of Life hypothesis},
  author={Doolittle, W Ford and Bapteste, Eric},
  journal={Proceedings of the National Academy of Sciences},
  volume={104},
  number={7},
  pages={2043--2049},
  year={2007},
  publisher={National Acad Sciences}
}

@article{lovley2003cleaning,
  title={Cleaning up with genomics: applying molecular biology to bioremediation},
  author={Lovley, Derek R},
  journal={Nature Reviews Microbiology},
  volume={1},
  number={1},
  pages={35--44},
  year={2003},
  publisher={Nature Publishing Group}
}

@article{dien2003bacteria,
  title={Bacteria engineered for fuel ethanol production: current status},
  author={Dien, BS and Cotta, MA and Jeffries, TW},
  journal={Applied Microbiology and Biotechnology},
  volume={63},
  number={3},
  pages={258--266},
  year={2003},
  publisher={Springer}
}

@article{rabaey2004biofuel,
  title={Biofuel cells select for microbial consortia that self-mediate electron transfer},
  author={Rabaey, Korneel and Boon, Nico and Siciliano, Steven D and Verhaege, Marc and Verstraete, Willy},
  journal={Applied and Environmental Microbiology},
  volume={70},
  number={9},
  pages={5373--5382},
  year={2004},
  publisher={Am Soc Microbiol}
}

@article{gogarten2002prokaryotic,
  title={Prokaryotic evolution in light of gene transfer},
  author={Gogarten, J Peter and Doolittle, W Ford and Lawrence, Jeffrey G},
  journal={Molecular biology and evolution},
  volume={19},
  number={12},
  pages={2226--2238},
  year={2002},
  publisher={SMBE}
}

@article{staley1997biodiversity,
  title={Biodiversity: are microbial species threatened?},
  author={Staley, James T},
  journal={Current Opinion in Biotechnology},
  volume={8},
  number={3},
  pages={340--345},
  year={1997}
}

@article{corander2007bayesian,
  title={Bayesian analysis of population structure based on linked molecular information},
  author={Corander, Jukka and Tang, Jing},
  journal={Mathematical biosciences},
  volume={205},
  number={1},
  pages={19--31},
  year={2007},
  publisher={Elsevier}
}

@article{bohannan2003new,
  title={New approaches to analyzing microbial biodiversity data},
  author={Bohannan, Brendan JM and Hughes, Jennifer},
  journal={Current Opinion in Microbiology},
  volume={6},
  number={3},
  pages={282--287},
  year={2003},
  publisher={Elsevier}
}

@article{hunt2008resource,
  title={Resource partitioning and sympatric differentiation among closely related bacterioplankton},
  author={Hunt, Dana E and David, Lawrence A and Gevers, Dirk and Preheim, Sarah P and Alm, Eric J and Polz, Martin F},
  journal={Science},
  volume={320},
  number={5879},
  pages={1081--1085},
  year={2008},
  publisher={American Association for the Advancement of Science}
}

@article{barraclough2009inferring,
  title={Inferring evolutionarily significant units of bacterial diversity from broad environmental surveys of single-locus data},
  author={Barraclough, Timothy G and Hughes, Martin and Ashford-Hodges, Natalie and Fujisawa, Tomochika},
  journal={Biology letters},
  volume={5},
  number={3},
  pages={425--428},
  year={2009},
  publisher={The Royal Society}
}

@incollection{meilua2003comparing,
  title={Comparing clusterings by the variation of information},
  author={Meil{\u{a}}, Marina},
  booktitle={Learning theory and kernel machines},
  pages={173--187},
  year={2003},
  publisher={Springer}
}

@article{guindon2010new,
  title={New algorithms and methods to estimate maximum-likelihood phylogenies: assessing the performance of PhyML 3.0},
  author={Guindon, St{\'e}phane and Dufayard, Jean-Fran{\c{c}}ois and Lefort, Vincent and Anisimova, Maria and Hordijk, Wim and Gascuel, Olivier},
  journal={Systematic biology},
  volume={59},
  number={3},
  pages={307--321},
  year={2010},
  publisher={Oxford University Press}
}

@InProceedings{gabriel04:_open_mpi,
  author       = {Edgar Gabriel and Graham E. Fagg and George Bosilca
                  and Thara Angskun and Jack J. Dongarra and Jeffrey
                  M. Squyres and Vishal Sahay and Prabhanjan Kambadur
                  and Brian Barrett and Andrew Lumsdaine and Ralph
                  H. Castain and David J. Daniel and Richard L. Graham
                  and Timothy S. Woodall },
  title        = {Open {MPI}: Goals, Concept, and Design of a Next
                  Generation {MPI} Implementation},
  booktitle    = {Proceedings, 11th European PVM/MPI Users' Group
                  Meeting},
  year         = 2004,
  address      = {Budapest, Hungary},
  pages        = {97--104},
  month        = {September}
} 

@article{becraft2011fine,
  title={Fine-scale distribution patterns of Synechococcus ecological diversity in microbial mats of Mushroom Spring, Yellowstone National Park},
  author={Becraft, Eric D and Cohan, Frederick M and K{\"u}hl, Michael and Jensen, Sheila I and Ward, David M},
  journal={Applied and environmental microbiology},
  volume={77},
  number={21},
  pages={7689--7697},
  year={2011},
  publisher={Am Soc Microbiol}
}

@article{kim2012diversity,
  title={Diversity of Bacteria and Archaea in hypersaline sediment from Death Valley National Park, California},
  author={Kim, J-S and Makama, Mfundi and Petito, Janine and Park, N-H and Cohan, Frederick M and Dungan, Robert S},
  journal={MicrobiologyOpen},
  volume={1},
  number={2},
  pages={135--148},
  year={2012}
}

@article{connor2010ecology,
  title={Ecology of speciation in the genus Bacillus},
  author={Connor, Nora and Sikorski, Johannes and Rooney, Alejandro P and Kopac, Sarah and Koeppel, Alexander F and Burger, Andrew and Cole, Scott G and Perry, Elizabeth B and Krizanc, Danny and Field, Nicholas C and others},
  journal={Applied and environmental microbiology},
  volume={76},
  number={5},
  pages={1349--1358},
  year={2010},
  publisher={Am Soc Microbiol}
}

@article{mullner2011modern,
  title={Modern hierarchical, agglomerative clustering algorithms},
  author={M{\"u}llner, Daniel},
  journal={arXiv preprint arXiv:1109.2378},
  year={2011}
}

@misc{FastClust,
  title = {{fastcluster:} Fast hierarchical clustering routines for R and Python},
  howpublished = {\url{http://math.stanford.edu/~muellner/fastcluster.html}},
  note = {Accessed: 26/03/2013},
  author = {M{\"u}llner, Daniel}
}

@article{cohan2006sequence,
  title={Sequence-based discovery of ecological diversity within Legionella},
  author={Cohan, Frederick M and Koeppel, Alexander and Krizanc, Daniel},
  journal={Legionella: state of the art},
  volume={30},
  pages={367--376},
  year={2006}
}

@article{ward2006cyanobacterial,
  title={Cyanobacterial ecotypes in the microbial mat community of Mushroom Spring (Yellowstone National Park, Wyoming) as species-like units linking microbial community composition, structure and function},
  author={Ward, David M and Bateson, Mary M and Ferris, Michael J and K{\"u}hl, Michael and Wieland, Andrea and Koeppel, Alex and Cohan, Frederick M},
  journal={Philosophical Transactions of the Royal Society B: Biological Sciences},
  volume={361},
  number={1475},
  pages={1997--2008},
  year={2006},
  publisher={The Royal Society}
}

@article{cohan2006toward,
  title={Toward a conceptual and operational union of bacterial systematics, ecology, and evolution},
  author={Cohan, Frederick M},
  journal={Proceedings of the Royal Society of London Series B},
  volume={361},
  pages={1985--1996},
  year={2006}
}

@article{felsenstein1989phylip,
  title={PHYLIP-Phylogeny Inference Package (Version 3.2)},
  author={Felsenstein, J},
  journal={Cladistics},
  volume={5},
  pages={164--166},
  year={1989}
}

@article {wiedenbeckHGT,
author = {Wiedenbeck, Jane and Cohan, Frederick M.},
title = {Origins of bacterial diversity through horizontal genetic transfer and adaptation to new ecological niches},
journal = {FEMS Microbiology Reviews},
volume = {35},
number = {5},
publisher = {Blackwell Publishing Ltd},
issn = {1574-6976},
url = {http://dx.doi.org/10.1111/j.1574-6976.2011.00292.x},
doi = {10.1111/j.1574-6976.2011.00292.x},
pages = {957--976},
keywords = {species concept, niche-transcending adaptation, ecotype, evolution, genome content, amelioration},
year = {2011},
}

@article{cohan2007systematics,
title={A systematics for discovering the fundamental units of bacterial diversity},
author={Cohan, Frederick M and Perry, Elizabeth B and others},
journal={Current Biology},
volume={17},
number={10},
pages={373},
year={2007},
publisher={London, UK: Current Biology Ltd., c1991-}
}

@article{acinas2004fine,
  title={Fine-scale phylogenetic architecture of a complex bacterial community},
  author={Acinas, Silvia G and Klepac-Ceraj, Vanja and Hunt, Dana E and Pharino, Chanathip and Ceraj, Ivica and Distel, Daniel L and Polz, Martin F},
  journal={Nature},
  volume={430},
  number={6999},
  pages={551--554},
  year={2004},
  publisher={Nature Publishing Group}
}

@article{nelder1965simplex,
  title={A simplex method for function minimization},
  author={Nelder, John A and Mead, Roger},
  journal={The computer journal},
  volume={7},
  number={4},
  pages={308--313},
  year={1965},
  publisher={Br Computer Soc}
}

@article{koeppel2008identifying,
  title={Identifying the fundamental units of bacterial diversity: a paradigm shift to incorporate ecology into bacterial systematics},
  author={Koeppel, Alexander and Perry, Elizabeth B and Sikorski, Johannes and Krizanc, Danny and Warner, Andrew and Ward, David M and Rooney, Alejandro P and Brambilla, Evelyne and Connor, Nora and Ratcliff, Rodney M and others},
  journal={Proceedings of the National Academy of Sciences},
  volume={105},
  number={7},
  pages={2504--2509},
  year={2008},
  publisher={National Acad Sciences}
}

@article{jukes1969evolution,
  title={$\{$Evolution of protein molecules$\}$},
  author={Jukes, Thomas H and Cantor, Charles R},
  year={1969},
  publisher={Academic press}
}

@article{cohan2008origins,
  title={The origins of ecological diversity in prokaryotes},
  author={Cohan, Frederick M and Koeppel, Alexander F},
  journal={Current Biology},
  volume={18},
  number={21},
  pages={R1024--R1034},
  year={2008},
  publisher={Elsevier}
}